@techreport{roychoudhury2018real,
  title={Real-time monitoring and prediction of airspace safety},
  author={Roychoudhury, Indranil and Spirkovska, Lilly and Daigle, Matthew and Balaban, Edward and Sankararaman, Shankar and Kulkarni, Chetan and Poll, Scott and Goebel, Kai},
  year={2018}
}


@article{standfuss2017efficiency,
  title={Efficiency gains through functional airspace blocks},
  author={Standfu{\ss}, Thomas and Fichert, F and Schultz, M},
  journal={An analysis of economies of scale in European air traffic management, ITEA},
  year={2017}
}

@article{mihetec2013utilization,
  title={Utilization of flexible airspace structure in flight efficiency optimization},
  author={Mihetec, Tomislav and Steiner, Sanja and Odi{\'c}, Denis},
  journal={Promet-Traffic\&Transportation},
  volume={25},
  number={2},
  pages={109--118},
  year={2013}
}


@article{delahaye2022air,
  title={Air traffic complexity map based on linear dynamical systems},
  author={Delahaye, Daniel and Garc{\'\i}a, Adr{\'\i}an and Lavandier, Julien and Chaimatanan, Supatcha and Soler, Manuel},
  journal={Aerospace},
  volume={9},
  number={5},
  pages={230},
  year={2022},
  publisher={MDPI}
}

@inproceedings{idris2009distributed,
  title={Distributed trajectory flexibility preservation for traffic complexity mitigation},
  author={Idris, Husni and Delahaye, Daniel and Wing, David},
  booktitle={ATM 2009, 8th USA/Europe Air Traffic Management Research and Development Seminar},
  pages={pp--xxxx},
  year={2009}
}


@article{xu2014aircraft,
  title={Aircraft route optimization for formation flight},
  author={Xu, Jia and Andrew Ning, S and Bower, Geoffrey and Kroo, Ilan},
  journal={Journal of Aircraft},
  volume={51},
  number={2},
  pages={490--501},
  year={2014},
  publisher={American Institute of Aeronautics and Astronautics}
}

@article{schmidt2007near,
  title={Near-space station-keeping performance of a large high-altitude notional airship},
  author={Schmidt, David K and Stevens, James and Roney, Jason},
  journal={Journal of Aircraft},
  volume={44},
  number={2},
  pages={611--615},
  year={2007}
}

@article{lu1999generalization,
  title={A generalization of Shannon's information theory},
  author={Lu, Chen-Guang},
  journal={International Journal Of General System},
  volume={28},
  number={6},
  pages={453--490},
  year={1999},
  publisher={Taylor \& Francis}
}

@article{anarticle,
author = {Arthur B Cummings and David Eftekhary and Frank G House},
title = {The accurate determination of college studentsâ€™
coefficients of friction},
journal = {Journal of Sketchy Physics},
volume = {13},
year = {2003},
number = {2},
pages = {46--129}
}

@inproceedings{koren1991potential,
  title={Potential field methods and their inherent limitations for mobile robot navigation.},
  author={Koren, Yoram and Borenstein, Johann and others},
  booktitle={ICRA},
  volume={2},
  pages={1398--1404},
  year={1991}
}

@inproceedings{xu2015multi,
  title={Multi-agent formation control based on virtual forces},
  author={Xu, Kai and Qin, Long},
  booktitle={2015 5th International Conference on Information Science and Technology (ICIST)},
  pages={284--291},
  year={2015},
  organization={IEEE}
}

@article{kuchar2007traffic,
  title={The traffic alert and collision avoidance system},
  author={Kuchar, JE and Drumm, Ann C},
  journal={Lincoln Laboratory Journal},
  volume={16},
  number={2},
  pages={277},
  year={2007},
  publisher={LINCOLN LABORATORY M IT}
}


@inproceedings{dixon2016performance,
  title={Performance test of unmanned aerial systems communication links in a severe multipath environment},
  author={Dixon, Jacob and Rajamani, Vignesh and Bunting, Chuck},
  booktitle={2016 IEEE International Symposium on Electromagnetic Compatibility (EMC)},
  pages={862--867},
  year={2016},
  organization={IEEE}
}


@misc{airbus2018global,
  title={Global Networks, Global Citizens-Global Market Forecast 2018-2037},
  author={Airbus, SAS},
  year={2018},
  publisher={Blagnac Cedex, August}
}

@article{billingsley2009tcas,
  title={TCAS multiple threat encounter analysis},
  author={Billingsley, Thomas B and Espindle, LP and Griffith, J Daniel},
  journal={Massachusetts Institute of Technology, Lincoln Laboratory, Project Report ATC-359},
  year={2009},
  publisher={Citeseer}
}

@ARTICLE{battery,
  author={Abeywickrama, Hasini Viranga and Jayawickrama, Beeshanga Abewardana and He, Ying and Dutkiewicz, Eryk},
  journal={IEEE Access}, 
  title={Comprehensive Energy Consumption Model for Unmanned Aerial Vehicles, Based on Empirical Studies of Battery Performance}, 
  year={2018},
  volume={6},
  number={},
  pages={58383-58394},
  doi={10.1109/ACCESS.2018.2875040}}


@inproceedings{jain2023non,
  title={Non-Communicative Negotiation-Free Collision Avoidance},
  author={Jain, Anahita and Clarke, John-Paul and Zeng, Fanruiqi},
  booktitle={AIAA AVIATION 2023 Forum},
  pages={3627},
  year={2023}
}

@inproceedings{dijkstra,
  title={A note on Two Problems in Connexion with Graphs},
  author={Dijkstra, Edsger W.},
  booktitle={Numerische mathematik},
  pages={269-271},
  year={1959}
}

@article{lu1999generalization,
  title={A generalization of Shannon's information theory},
  author={Lu, Chen-Guang},
  journal={International Journal Of General System},
  volume={28},
  number={6},
  pages={453--490},
  year={1999},
  publisher={Taylor \& Francis}
}


@article{kucharreview,
  title={A Review of Conflict Detection and Resolution Modeling Methods},
  author={Kuchar, James and Yang, Lee},
  journal={IEEE Transactions on Intelligent Transportation Systems}, 
  volume={1},
  number={4},
  pages={179},
  year={2000},
  publisher={IEEE}
}

@article{ribeiro2020review,
  title={Review of conflict resolution methods for manned and unmanned aviation},
  author={Ribeiro, Marta and Ellerbroek, Joost and Hoekstra, Jacco},
  journal={Aerospace},
  volume={7},
  number={6},
  pages={79},
  year={2020},
  publisher={MDPI}
}

@article{jung2017analysis,
  title={Analysis of amazon prime air uav delivery service},
  author={Jung, Sunghun and Kim, Hyunsu},
  journal={Journal of Knowledge Information Technology and Systems},
  volume={12},
  number={2},
  pages={253--266},
  year={2017},
  publisher={Korea Knowledge Information Technology Society}
}

@article{menouar2017uav,
  title={UAV-enabled intelligent transportation systems for the smart city: Applications and challenges},
  author={Menouar, Hamid and Guvenc, Ismail and Akkaya, Kemal and Uluagac, A Selcuk and Kadri, Abdullah and Tuncer, Adem},
  journal={IEEE Communications Magazine},
  volume={55},
  number={3},
  pages={22--28},
  year={2017},
  publisher={IEEE}
}

@inproceedings{khatib1985real,
  title={Real-time obstacle avoidance for manipulators and mobile robots},
  author={Khatib, Oussama},
  booktitle={Proceedings. 1985 IEEE International Conference on Robotics and Automation},
  volume={2},
  pages={500--505},
  year={1985},
  organization={IEEE}
}

@inproceedings{koren1991potential,
  title={Potential field methods and their inherent limitations for mobile robot navigation.},
  author={Koren, Yoram and Borenstein, Johann and others},
  booktitle={ICRA},
  volume={2},
  pages={1398--1404},
  year={1991}
}

@inproceedings{xu2015multi,
  title={Multi-agent formation control based on virtual forces},
  author={Xu, Kai and Qin, Long},
  booktitle={2015 5th International Conference on Information Science and Technology (ICIST)},
  pages={284--291},
  year={2015},
  organization={IEEE}
}

@article{kuchar2007traffic,
  title={The traffic alert and collision avoidance system},
  author={Kuchar, JE and Drumm, Ann C},
  journal={Lincoln Laboratory Journal},
  volume={16},
  number={2},
  pages={277},
  year={2007},
  publisher={LINCOLN LABORATORY M IT}
}


@inproceedings{dixon2016performance,
  title={Performance test of unmanned aerial systems communication links in a severe multipath environment},
  author={Dixon, Jacob and Rajamani, Vignesh and Bunting, Chuck},
  booktitle={2016 IEEE International Symposium on Electromagnetic Compatibility (EMC)},
  pages={862--867},
  year={2016},
  organization={IEEE}
}


@misc{airbus2018global,
  title={Global Networks, Global Citizens-Global Market Forecast 2018-2037},
  author={Airbus, SAS},
  year={2018},
  publisher={Blagnac Cedex, August}
}

@article{billingsley2009tcas,
  title={TCAS multiple threat encounter analysis},
  author={Billingsley, Thomas B and Espindle, LP and Griffith, J Daniel},
  journal={Massachusetts Institute of Technology, Lincoln Laboratory, Project Report ATC-359},
  year={2009},
  publisher={Citeseer}
}

@ARTICLE{battery,
  author={Abeywickrama, Hasini Viranga and Jayawickrama, Beeshanga Abewardana and He, Ying and Dutkiewicz, Eryk},
  journal={IEEE Access}, 
  title={Comprehensive Energy Consumption Model for Unmanned Aerial Vehicles, Based on Empirical Studies of Battery Performance}, 
  year={2018},
  volume={6},
  number={},
  pages={58383-58394},
  doi={10.1109/ACCESS.2018.2875040}}